@online{turtlebot,
    author = "Open Sourece Robotics Foundation, inc",
    title = "Turltebot3",
    url  = "http://emanual.robotis.com/docs/en/platform/turtlebot3/overview/",

}